<record xmlns="http://www.loc.gov/MARC21/slim" xmlns:xsi="http://www.w3.org/2001/XMLSchema-instance" xsi:schemaLocation="http://www.loc.gov/MARC21/slim http://www.loc.gov/standards/marcxml/schema/MARC21slim.xsd"><leader>     nam a22        4500</leader><controlfield tag="001">3063204</controlfield><controlfield tag="003">NNC</controlfield><controlfield tag="006">m        d        </controlfield><controlfield tag="007">cr cn |||m|||a</controlfield><controlfield tag="008">150313s1910    ua      o     000 0 ara d</controlfield><datafield ind1=" " ind2=" " tag="040"><subfield code="a">NNU</subfield><subfield code="b">eng</subfield><subfield code="e">rda</subfield><subfield code="c">NNU</subfield></datafield><datafield ind1="0" ind2=" " tag="100"><subfield code="a">Mu&#699;i&#772;n al-Di&#772;n Fara&#772;hi&#772;,</subfield><subfield code="d">-1501 or 1502.</subfield></datafield><datafield ind1="1" ind2="0" tag="245"><subfield code="a">Sharh&#803; al-&#699;alla&#772;mah Mu&#699;in-al-Di&#772;n al-Harawi&#772; al-ma&#699;ru&#772;f bi al-Miski&#772;n &#699;ala&#772; Kanz al-daqa&#772;&#700;iq fi&#772; furu&#772;&#699; al-H&#803;anafi&#772;yah li Abi&#772;-al-Baraka&#772;t &#699;Abd-Alla&#772;h ibn Ah&#803;mad al-Nasafi&#772;.</subfield></datafield><datafield ind1=" " ind2=" " tag="260"><subfield code="a">[al-Qa&#772;hirah]</subfield><subfield code="b">al-Mat&#803;ba&#699;ah al-H&#803;usayni&#772;yah al-Mis&#803;ri&#772;yah,</subfield><subfield code="c">1328 h. [1910]</subfield></datafield><datafield ind1=" " ind2=" " tag="300"><subfield code="a">online resource (340 pages)</subfield></datafield><datafield ind1=" " ind2=" " tag="336"><subfield code="a">text</subfield><subfield code="2">rdacontent</subfield></datafield><datafield ind1=" " ind2=" " tag="337"><subfield code="a">computer</subfield><subfield code="2">rdamedia</subfield></datafield><datafield ind1=" " ind2=" " tag="338"><subfield code="a">online resource</subfield><subfield code="2">rdacarrier</subfield></datafield><datafield ind1=" " ind2=" " tag="500"><subfield code="a">Part of the Arabic Collections Online (ACO) project, contributed by Columbia University Libraries.</subfield></datafield><datafield ind1=" " ind2=" " tag="533"><subfield code="a">Electronic reproduction.</subfield><subfield code="b">New York, N.Y. :</subfield><subfield code="c">New York University,</subfield><subfield code="d">2015.</subfield><subfield code="5">NNU</subfield></datafield><datafield ind1="2" ind2=" " tag="710"><subfield code="a">Columbia University.</subfield><subfield code="b">Libraries.</subfield></datafield><datafield ind1="0" ind2=" " tag="730"><subfield code="a">Arabic Collections Online.</subfield></datafield><datafield ind1="0" ind2="8" tag="776"><subfield code="i">Print version:</subfield><subfield code="a">Mu&#699;i&#772;n al-Di&#772;n Fara&#772;hi&#772;, -1501 or 1502.</subfield><subfield code="t">Sharh&#803; al-&#699;alla&#772;mah Mu&#699;in-al-Di&#772;n al-Harawi&#772; al-ma&#699;ru&#772;f bi al-Miski&#772;n &#699;ala&#772; Kanz al-daqa&#772;&#700;iq fi&#772; furu&#772;&#699; al-H&#803;anafi&#772;yah li Abi&#772;-al-Baraka&#772;t &#699;Abd-Alla&#772;h ibn Ah&#803;mad al-Nasafi&#772;</subfield><subfield code="w">(NNC)3063204</subfield><subfield code="w">(OCoLC)47755212</subfield></datafield><datafield ind1="4" ind2="0" tag="856"><subfield code="u">http://hdl.handle.net/2333.1/rr4xh0sj</subfield></datafield><datafield ind1=" " ind2=" " tag="959"><subfield code="a">NNU</subfield><subfield code="b">WEB</subfield><subfield code="c">GENI</subfield><subfield code="t">0</subfield><subfield code="m">Electronic access</subfield><subfield code="s">01</subfield></datafield><datafield ind1=" " ind2=" " tag="999"><subfield code="i">NNC_3063204</subfield><subfield code="o">(OCoLC)ocm47755212 </subfield><subfield code="s">columbia_aco000444</subfield><subfield code="e">(ERROR-880)</subfield></datafield></record>